@article{pyclone,
	author = {Gillis, Sierra and Roth, Andrew},
	journal = {BMC Bioinformatics},
	number = {1},
	pages = {571},
	title = {PyClone-VI: scalable inference of clonal population structures using whole genome data},
	volume = {21},
	year = {2020}}


@article{phyloWGS,
	author = {Deshwar, Amit G. and Vembu, Shankar and Yung, Christina K. and Jang, Gun Ho and Stein, Lincoln and Morris, Quaid},
	journal = {Genome Biology},
	number = {1},
	pages = {35},
	title = {PhyloWGS: Reconstructing subclonal composition and evolution from whole-genome sequencing of tumors},
	volume = {16},
	year = {2015}}


@article{pcawg,
	author = {Gerstung, Moritz and Jolly, Clemency and Leshchiner, Ignaty and Dentro, Stefan C. and Gonzalez, Santiago and Rosebrock, Daniel and Mitchell, Thomas J. and Rubanova, Yulia and Anur, Pavana and Yu, Kaixian and Tarabichi, Maxime and Deshwar, Amit and Wintersinger, Jeff and Kleinheinz, Kortine and V{\'a}zquez-Garc{\'\i}a, Ignacio and Haase, Kerstin and Jerman, Lara and Sengupta, Subhajit and Macintyre, Geoff and Malikic, Salem and Donmez, Nilgun and Livitz, Dimitri G. and Cmero, Marek and Demeulemeester, Jonas and Schumacher, Steven and Fan, Yu and Yao, Xiaotong and Lee, Juhee and Schlesner, Matthias and Boutros, Paul C. and Bowtell, David D. and Zhu, Hongtu and Getz, Gad and Imielinski, Marcin and Beroukhim, Rameen and Sahinalp, S. Cenk and Ji, Yuan and Peifer, Martin and Markowetz, Florian and Mustonen, Ville and Yuan, Ke and Wang, Wenyi and Morris, Quaid D. and Dentro, Stefan C. and Deshwar, Amit G. and Adams, David J. and Boutros, Paul C. and Bowtell, David D. and Campbell, Peter J. and Cao, Shaolong and Christie, Elizabeth L. and Cun, Yupeng and Dawson, Kevin J. and Drews, Ruben M. and Eils, Roland and Fittall, Matthew and Garsed, Dale W. and Ha, Gavin and Lee-Six, Henry and Livitz, Dimitri G. and Martincorena, Inigo and Mitchell, Thomas J. and Oesper, Layla and Peto, Myron and Raphael, Benjamin J. and Sahinalp, S. Cenk and Salcedo, Adriana and Shi, Ruian and Shin, Seung Jun and Spiro, Oliver and Stein, Lincoln D. and Vembu, Shankar and Wheeler, David A. and Yang, Tsun-Po and Morris, Quaid D. and Spellman, Paul T. and Wedge, David C. and Van Loo, Peter and Spellman, Paul T. and Wedge, David C. and Aaltonen, Lauri A. and Abascal, Federico and Abeshouse, Adam and Aburatani, Hiroyuki and Adams, David J. and Agrawal, Nishant and Ahn, Keun Soo and Ahn, Sung-Min and Aikata, Hiroshi and Akbani, Rehan and Akdemir, Kadir C. and Al-Ahmadie, Hikmat and Al-Sedairy, Sultan T. and Al-Shahrour, Fatima and Alawi, Malik and Albert, Monique and Aldape, Kenneth and Alexandrov, Ludmil B. and Ally, Adrian and Alsop, Kathryn and Alvarez, Eva G. and Amary, Fernanda and Amin, Samirkumar B. and Aminou, Brice and Ammerpohl, Ole and Anderson, Matthew J. and Ang, Yeng and Antonello, Davide and Aparicio, Samuel and Appelbaum, Elizabeth L. and Arai, Yasuhito and Aretz, Axel and Arihiro, Koji and Ariizumi, Shun-ichi and Armenia, Joshua and Arnould, Laurent and Asa, Sylvia and Assenov, Yassen and Atwal, Gurnit and Aukema, Sietse and Auman, J. Todd and Aure, Miriam R. R. and Awadalla, Philip and Aymerich, Marta and Bader, Gary D. and Baez-Ortega, Adrian and Bailey, Matthew H. and Bailey, Peter J. and Balasundaram, Miruna and Balu, Saianand and Bandopadhayay, Pratiti and Banks, Rosamonde E. and Barbi, Stefano and Barbour, Andrew P. and Barenboim, Jonathan and Barnholtz-Sloan, Jill and Barr, Hugh and Barrera, Elisabet and Bartlett, John and Bartolome, Javier and Bassi, Claudio and Bathe, Oliver F. and Baumhoer, Daniel and Bavi, Prashant and Baylin, Stephen B. and Bazant, Wojciech and Beardsmore, Duncan and Beck, Timothy A. and Behjati, Sam and Behren, Andreas and Niu, Beifang and Bell, Cindy and Beltran, Sergi and Benz, Christopher and Berchuck, Andrew and Bergmann, Anke K. and Bergstrom, Erik N. and Berman, Benjamin P. and Berney, Daniel M. and Bernhart, Stephan H. and Berrios, Mario and Bersani, Samantha and Bertl, Johanna and Betancourt, Miguel and Bhandari, Vinayak and Bhosle, Shriram G. and Biankin, Andrew V. and Bieg, Matthias and Bigner, Darell and Binder, Hans and Birney, Ewan and Birrer, Michael and Biswas, Nidhan K. and Bjerkehagen, Bodil and Bodenheimer, Tom and Boice, Lori and Bonizzato, Giada and De Bono, Johann S. and Boot, Arnoud and Bootwalla, Moiz S. and Borg, Ake and Borkhardt, Arndt and Boroevich, Keith A. and Borozan, Ivan and Borst, Christoph and Bosenberg, Marcus and Bosio, Mattia and Boultwood, Jacqueline and Bourque, Guillaume and Boutros, Paul C. and Bova, G. Steven and Bowen, David T. and Bowlby, Reanne and Bowtell, David D. L. and Boyault, Sandrine and Boyce, Rich and Boyd, Jeffrey and Brazma, Alvis and Brennan, Paul and Brewer, Daniel S. and Brinkman, Arie B. and Bristow, Robert G. and Broaddus, Russell R. and Brock, Jane E. and Brock, Malcolm and Broeks, Annegien and Brooks, Angela N. and Brooks, Denise and Brors, Benedikt and Brunak, S{\o}ren and Bruxner, Timothy J. C. and Bruzos, Alicia L. and Buchanan, Alex and Buchhalter, Ivo and Buchholz, Christiane and Bullman, Susan and Burke, Hazel and Burkhardt, Birgit and Burns, Kathleen H. and Busanovich, John and Bustamante, Carlos D. and Butler, Adam P. and Butte, Atul J. and Byrne, Niall J. and B{\o}rresen-Dale, Anne-Lise and Caesar-Johnson, Samantha J. and Cafferkey, Andy and Cahill, Declan and Calabrese, Claudia and Caldas, Carlos and Calvo, Fabien and Camacho, Niedzica and Campbell, Peter J. and Campo, Elias and Cant{\`u}, Cinzia and Carey, Thomas E. and Carlevaro-Fita, Joana and Carlsen, Rebecca and Cataldo, Ivana and Cazzola, Mario and Cebon, Jonathan and Cerfolio, Robert and Chadwick, Dianne E. and Chakravarty, Dimple and Chalmers, Don and Chan, Calvin Wing Yiu and Chan, Kin and Chan-Seng-Yue, Michelle and Chandan, Vishal S. and Chang, David K. and Chanock, Stephen J. and Chantrill, Lorraine A. and Chateigner, Aur{\'e}lien and Chatterjee, Nilanjan and Chayama, Kazuaki and Chen, Hsiao-Wei and Chen, Jieming and Chen, Ken and Chen, Yiwen and PCAWG Evolution \& Heterogeneity Working Group and PCAWG Consortium},
	journal = {Nature},
	number = {7793},
	pages = {122--128},
	title = {The evolutionary history of 2,658 cancers},
	volume = {578},
	year = {2020}}


@article{pairtree,
	author = {Wintersinger, Jeff A and Dobson, Stephanie M and Kulman, Ethan and Stein, Lincoln D and Dick, John E and Morris, Quaid},
	journal = {Blood Cancer Discov},
	month = {May},
	number = {3},
	pages = {208--219},
	title = {Reconstructing Complex Cancer Evolutionary Histories from Multiple Bulk DNA Samples Using Pairtree.},
	volume = {3},
	year = {2022}}


@article{Liu2020,
	author = {Liu, Lydia Y and Bhandari, Vinayak and Salcedo, Adriana and Espiritu, Shadrielle M G and Morris, Quaid D and Kislinger, Thomas and Boutros, Paul C},
	journal = {Nat Commun},
	month = {Dec},
	number = {1},
	pages = {6247},
	title = {Quantifying the influence of mutation detection on tumour subclonal reconstruction.},
	volume = {11},
	year = {2020}}


@article{Tarabichi2021,
	author = {Tarabichi, Maxime and Salcedo, Adriana and Deshwar, Amit G. and Ni Leathlobhair, M{\'a}ire and Wintersinger, Jeff and Wedge, David C. and Van Loo, Peter and Morris, Quaid D. and Boutros, Paul C.},
	journal = {Nature Methods},
	number = {2},
	pages = {144--155},
	title = {A practical guide to cancer subclonal reconstruction from DNA sequencing},
	volume = {18},
	year = {2021}}
